@misc{lecturesOIB,
	title = "Лекции по Основам Информационной Безопасности, Московский Энергетический Институт НИУ МЭЙ.",
	year = "2020"
}

@misc{bmstucrypto,
	url = "https://ru.bmstu.wiki",
	year = "2021"
}

@book{introcrypto,
	author = "Jeffrey Hoffstein and Jill Pipher and Joseph H.Silverman",
	title = "An Introduction to Mathematical Cryptography",
	year = "2014",
	publisher = "Springer"
}